@Preamble{"\def\germ{\frak} \def\scr{\cal}
 \ifx\documentclass\undefinedcs
      \def\bf{\fam\bffam\tenbf}\def\rm{\fam0\tenrm}\fi
                          % f**k-amstex!
 \def\defaultdefine#1#2{\expandafter\ifx\csname#1\endcsname\relax
 \expandafter\def\csname#1\endcsname{#2}\fi}
 \defaultdefine{Bbb}{\bf}   \defaultdefine{frak}{\bf}
  \defaultdefine{=}{\B}   % doublef**k-amstex!!
  \defaultdefine{mathfrak}{\frak}
       \defaultdefine{mathbb}{\bf}
       \defaultdefine{mathcal}{\cal}
      \defaultdefine{beth}{BETH}\defaultdefine{cal}{\bf}
     \def\bbfI{{\Bbb I}}   \def\mbox{\hbox}  \def\text{\hbox}
   \def\om{\omega}    \def\Cal#1{{\bf #1}} \def\pcf{pcf}
        \defaultdefine{cf}{cf}
    \defaultdefine{reals}{{\Bbb R}} \defaultdefine{real}{{\Bbb R}}
   \def\restriction{{|}}  \def\club{CLUB}
   \def\w{\omega} \def\exist{\exists}
   \def\se{{\germ se}}     \def\bb{{\bf b}}
   \def\equivalence{\equiv}
   \let\lt<  \let\gt>
           "}

@InProceedings{Yianilos93,
author = {Peter N. Yianilos},
year = 1993,
title = {Data Structures and Algorithms for Nearest Neighbor Search in General Metric Spaces},
booktitle = {Proceedings of the Fifth Annual ACM-SIAM Symposium on Discrete Algorithms (SODA)},
}

@incollection{Nayar08,
year={2008},
isbn={978-3-540-88685-3},
booktitle={Computer Vision â€“ ECCV 2008},
volume={5303},
series={Lecture Notes in Computer Science},
editor={Forsyth, David and Torr, Philip and Zisserman, Andrew},
doi={10.1007/978-3-540-88688-4_27},
title={What Is a Good Nearest Neighbors Algorithm for Finding Similar Patches in Images?},
url={http://dx.doi.org/10.1007/978-3-540-88688-4_27},
publisher={Springer Berlin Heidelberg},
author={Kumar, Neeraj and Zhang, Li and Nayar, Shree},
pages={364-378},
language={English}
}

@article{Phillips10,
  author    = {Jeff M. Phillips and
               Suresh Venkatasubramanian},
  title     = {A Gentle Introduction to the Kernel Distance},
  journal   = {CoRR},
  volume    = {abs/1103.1625},
  year      = {2011},
  url       = {http://arxiv.org/abs/1103.1625},
  timestamp = {Mon, 05 Dec 2011 18:05:15 +0100},
  biburl    = {http://dblp.uni-trier.de/rec/bib/journals/corr/abs-1103-1625},
  bibsource = {dblp computer science bibliography, http://dblp.org}
}

